%% This BibTeX bibliography file was created using BibDesk.
%% http://bibdesk.sourceforge.net/


%% Created for Patrick von Glehn at 2014-01-20 17:33:17 +0000 


%% Saved with string encoding Unicode (UTF-8) 



@article{doi:10.1021/ja103530v,
	Author = {Chung, Lung Wa and Li, Xin and Sugimoto, Hiroshi and Shiro, Yoshitsugu and Morokuma, Keiji},
	Date-Added = {2014-01-20 17:29:42 +0000},
	Date-Modified = {2014-01-20 17:29:42 +0000},
	Doi = {10.1021/ja103530v},
	Eprint = {http://pubs.acs.org/doi/pdf/10.1021/ja103530v},
	Journal = {Journal of the American Chemical Society},
	Number = {34},
	Pages = {11993-12005},
	Title = {ONIOM Study on a Missing Piece in Our Understanding of Heme Chemistry: Bacterial Tryptophan 2,3-Dioxygenase with Dual Oxidants},
	Url = {http://pubs.acs.org/doi/abs/10.1021/ja103530v},
	Volume = {132},
	Year = {2010},
	Bdsk-File-1 = {YnBsaXN0MDDUAQIDBAUGJCVYJHZlcnNpb25YJG9iamVjdHNZJGFyY2hpdmVyVCR0b3ASAAGGoKgHCBMUFRYaIVUkbnVsbNMJCgsMDRBWJGNsYXNzV05TLmtleXNaTlMub2JqZWN0c4AHog4PgAKAA6IREoAEgAVccmVsYXRpdmVQYXRoWWFsaWFzRGF0YV8QJC4uLy4uLy4uLy4uL0Rlc2t0b3AvTW9yb2t1bWFfVERPLnBkZtIJFxgZV05TLmRhdGGABk8RAXgAAAAAAXgAAgAADE1hY2ludG9zaCBIRAAAAAAAAAAAAAAAAAAAAMkfISpIKwAAAAhM7BBNb3Jva3VtYV9URE8ucGRmAAAAAAAAAAAAAAAAAAAAAAAAAAAAAAAAAAAAAAAAAAAAAAAAAAAAAAAAAAAAAAAAkf1WzwMNNwAAAAAAAAAAAAQAAgAACSAAAAAAAAAAAAAAAAAAAAAHRGVza3RvcAAAEAAIAADJHyEqAAAAEQAIAADPAw03AAAAAQAMAAhM7AAITOEAAJMsAAIAL01hY2ludG9zaCBIRDpVc2VyczpQdkc6RGVza3RvcDpNb3Jva3VtYV9URE8ucGRmAAAOACIAEABNAG8AcgBvAGsAdQBtAGEAXwBUAEQATwAuAHAAZABmAA8AGgAMAE0AYQBjAGkAbgB0AG8AcwBoACAASABEABIAIlVzZXJzL1B2Ry9EZXNrdG9wL01vcm9rdW1hX1RETy5wZGYAEwABLwAAFQACAAr//wAA0hscHR5aJGNsYXNzbmFtZVgkY2xhc3Nlc11OU011dGFibGVEYXRhox0fIFZOU0RhdGFYTlNPYmplY3TSGxwiI1xOU0RpY3Rpb25hcnmiIiBfEA9OU0tleWVkQXJjaGl2ZXLRJidUcm9vdIABAAgAEQAaACMALQAyADcAQABGAE0AVABcAGcAaQBsAG4AcABzAHUAdwCEAI4AtQC6AMIAxAJAAkUCUAJZAmcCawJyAnsCgAKNApACogKlAqoAAAAAAAACAQAAAAAAAAAoAAAAAAAAAAAAAAAAAAACrA==},
	Bdsk-Url-1 = {http://pubs.acs.org/doi/abs/10.1021/ja103530v},
	Bdsk-Url-2 = {http://dx.doi.org/10.1021/ja103530v}}
