
@book{brewchem101,
    Author={Lee W Janson},
    Title={Brew Chem 101: The basics of Homebrewing Chemistry},
    Publisher={Storey Publishing},
    Year={1996}
}

@book{principles,
    Author={George Fix},
    Title={Principles of Brewing Science: A Study of Serious Brewing Issues},
    Publisher={Brewers Publications},
    Year={1999},
    Edition={2nd}
}
